@article{mathur1983branch,
title={A branch and search algorithm for a class of nonlinear knapsack problems},
  author={Mathur, Kamlesh and Salkin, Harvey M and Morito, Susumu},
  journal={Operations Research Letters},
  volume={2},
  number={4},
  pages={155--160},
  year={1983},
  publisher={Elsevier}
}

@article{ziegler1982solving,
  title={Solving certain singly constrained convex optimization problems in production planning},
  author={Ziegler, Hans},
  journal={Operations Research Letters},
  volume={1},
  number={6},
  pages={246--252},
  year={1982},
  publisher={Elsevier}
}

@article{bitran1989tradeoff,
title={Tradeoff curves, targeting and balancing in manufacturing queueing networks},
author={Bitran, Gabriel R and Tirupati, Devanath},
journal={Operations Research},
volume={37},
number={4},
pages={547--564},
year={1989},
publisher={INFORMS}
}

@article{gerla1977topological,
title={On the topological design of distributed computer networks},
author={Gerla, Mario and Kleinrock, Leonard},
journal={IEEE Transactions on communications},
volume={25},
number={1},
pages={48--60},
year={1977},
publisher={IEEE}
}

@inproceedings{razali2011genetic,
  title={Genetic algorithm performance with different selection strategies in solving TSP},
  author={Razali, Noraini Mohd and Geraghty, John and others},
  booktitle={Proceedings of the world congress on engineering},
  volume={2},
  pages={1--6},
  year={2011},
  organization={International Association of Engineers Hong Kong}
}

@article{HASANCEBI2000435,
title = {Evaluation of crossover techniques in genetic algorithm based optimum structural design},
journal = {Computers \& Structures},
volume = {78},
pages = {435-448},
year = {2000},
issn = {0045-7949},
doi = {https://doi.org/10.1016/S0045-7949(00)00089-4},
url = {https://www.sciencedirect.com/science/article/pii/S0045794900000894},
author = {Oğuzhan Hasançebi and Fuat Erbatur},
keywords = {Optimization, Structural optimization, Genetic algorithms, Crossover techniques},

}
@article{dejonganalysis,
  title={An analysis of the interacting roles of the population size and crossover type in genetic algorithms},
  author={DeJong, K and Spears, WM},
  journal={Parallel problem solving from nature},
  pages={38--47},
  year={1990}
}
@article{adeli1993integrated,
  title={Integrated genetic algorithm for optimization of space structures},
  author={Adeli, Hojjat and Cheng, Nai-Tsang},
  journal={Journal of Aerospace Engineering},
  volume={6},
  number={4},
  pages={315--328},
  year={1993},
  publisher={American Society of Civil Engineers}
}

@inproceedings{yugay2008hybrid,
  title={Hybrid genetic algorithm for solving traveling salesman problem with sorted population},
  author={Yugay, Olga and Kim, Insoo and Kim, Beomjune and Ko, Franz IS},
  booktitle={2008 Third International Conference on Convergence and Hybrid Information Technology},
  volume={2},
  pages={1024--1028},
  year={2008},
  organization={IEEE}
}

@article{hassanat2018improved,
  title={An improved genetic algorithm with a new initialization mechanism based on regression techniques},
  author={Hassanat, Ahmad B and Prasath, VB and Abbadi, Mohammed Ali and Abu-Qdari, Salam Amer and Faris, Hossam},
  journal={Information},
  volume={9},
  number={7},
  pages={167},
  year={2018},
  publisher={Multidisciplinary Digital Publishing Institute}
}
